<record><leader>00000cas a22000007a 4500</leader><controlfield tag="001">11040546</controlfield><controlfield tag="008">840810d18721874iauwr ne      0    0eng d</controlfield><datafield ind1=" " ind2=" " tag="010"><subfield code="a">sn 84027318 </subfield></datafield><datafield ind1=" " ind2=" " tag="040"><subfield code="a">NPU</subfield><subfield code="b">eng</subfield><subfield code="c">NPU</subfield><subfield code="d">NPX</subfield><subfield code="d">INP</subfield><subfield code="d">OCLCQ</subfield></datafield><datafield ind1=" " ind2=" " tag="042"><subfield code="a">msc</subfield></datafield><datafield ind1="0" ind2="4" tag="245"><subfield code="a">The South Side transcript.</subfield></datafield><datafield ind1=" " ind2=" " tag="260"><subfield code="a">Monroe, Jasper County, Iowa :</subfield><subfield code="b">Leroy W. Allum,</subfield><subfield code="c">1872-</subfield></datafield><datafield ind1=" " ind2=" " tag="300"><subfield code="a">v. :</subfield><subfield code="b">ill. ;</subfield><subfield code="c">61-66 cm.</subfield></datafield><datafield ind1=" " ind2=" " tag="310"><subfield code="a">Weekly</subfield></datafield><datafield ind1="0" ind2=" " tag="362"><subfield code="a">Vol. 1, no. 1 (Sept. 20, 1872)-</subfield></datafield><datafield ind1="1" ind2=" " tag="362"><subfield code="a">Ceased in 1874.</subfield><subfield code="z">Cf. Bibl. of Iowa newspapers.</subfield></datafield><datafield ind1=" " ind2=" " tag="752"><subfield code="a">United States</subfield><subfield code="b">Iowa</subfield><subfield code="c">Jasper</subfield><subfield code="d">Monroe.</subfield></datafield><datafield ind1="0" ind2="0" tag="785"><subfield code="t">Monroe mirror (Monroe, Iowa : 1874)</subfield><subfield code="w">(DLC)sn 84038336</subfield></datafield></record>